<?xml version="1.0" encoding="UTF-8"?><collection xmlns="http://www.loc.gov/MARC21/slim"><record><leader>00286nam--2200121-i-4500</leader><controlfield tag="001">000011132</controlfield><controlfield tag="002">20161230</controlfield><controlfield tag="005">20161230201029</controlfield><controlfield tag="008">060222s1000------------r-----000-0-eng-d</controlfield><datafield ind1=" " ind2=" " tag="245"><subfield code="a">Theoretical chemistry</subfield></datafield><datafield ind1=" " ind2=" " tag="260"><subfield code="a">London, Cademic Press, 1973</subfield></datafield><datafield ind1=" " ind2=" " tag="700"><subfield code="a">Craig, D.P./S.A.</subfield></datafield><datafield ind1=" " ind2=" " tag="852"><subfield code="a">24173</subfield></datafield></record></collection>